%Bibliografía

%------------------------------------Sección 1------------------------------------%


@Misc{SU1,
  Author    =     {El Economista},
  Title     =     {Ranking de medios nativos digitales},
  Note      =     {\url{https://www.eleconomista.com.mx/Ranking-de-Medios-Nativos-Digitales}},
  year      =     {2019}
}

%------------------------------------Sección 2------------------------------------%


%------------------------------------Sección 3------------------------------------%



