%Bibliografía
@Misc{CU1,
  Author  =    "{Innovación Internaútica}",
  Title   =    {Importancia de las noticias},
  Note    =    "https://innovainternetmx.com/2014/12/importancia-de-las-noticias/",
  year    =    2018
}

@article{CU2,
  title   =     {Introduction to information retrieval},
  author  =     {Manning, Christopher and Raghavan, Prabhakar and Sch{\"u}tze, Hinrich},
  journal =     {Natural Language Engineering},
  volume  =     {16},
  number  =     {1},
  pages   =     {100--103},
  year    =     {2010},
  publisher=    {Cambridge university press}
}

@Misc{CU3,
  Author  =    "{El Economista}",
  Title   =    {Ranking de medios nativos digitales},
  Note    =    "https://www.eleconomista.com.mx/Ranking-de-Medios-Nativos-Digitales",
  year    =    2019
}

@Misc{CT1,
  Author  =     "{UNAM Posgrado}",
  Title   =     {Inteligencia Artificial},
  Note    =     "http://www.mcc.unam.mx/IA.php",
  year    =     2019
}

@book{CT2,
  title   =     {Machine learning for dummies},
  author  =     {Mueller, John Paul and Massaron, Luca},
  year    =     {2016},
  publisher=    {John Wiley \& Sons}
}

@Misc{CT3,
  Author  =     "{SAS}",
  Title   =     {Aprendizaje Automático},
  Note    =     https://www.sas.com/es_mx/insights/analytics/machine-learning.html,
  year    =     2019
}

@Misc{CT4,
  Author  =     "{CleverData}",
  Title   =     {Conceptos básicos de Machine Learning},
  Note    =     "https://cleverdata.io/conceptos-basicos-machine-learning/",
  year    =     2019
}

@Misc{CT5,
  Author  =     {Cleverfit},
  Title   =     {Linear regression},
  Note    =     https://web.archive.org/web/20080222195200/http://www.curvefit.com/linear_regression.htm,
  year    =     2016
}

@article{CT6,
  title   =     {La regresión logística . Una aplicación a la demanda de estudios universitarios},
  author  =     {Manuel Salas Velasco},
  volume  =     {1},
  pages   =     {10},
  year    =     {2002},
  publisher=    {Universidad Nacional Mayor de San Marcos}
}

@article{CT7,
  title   =     "{A Comparison of Event Models for Naive Bayes Text Classification}",
  author  =     {A. McCallum and K. Nigam},
  volume  =     {752},
  pages   =     {41-48},
  year    =     {1998},
  publisher=    {Citeseer}
}

@book{CT8,
  title   =     "{Máquinas de Vectores Soporte}",
  author  =     {Alba Castro and Jose Luis},
  pages   =     {1-3},
  year    =     {2014}
}

@book{CT9,
  title   =     "{Machine learning}",
  author  =     {Leo Breiman},
  year    =     {2001},
  publisher=    {Kluwer Academic Publishers}
}

@Misc{CT10,
  Author  =     {Juan Zambrano},
  Title   =     "{Machine Learning}",
  Note    =     https://medium.com/@juanzambrano/aprendizaje-supervisado-o-no-supervisado-39ccf1fd6e7b,
  year    =     2018
}